1705 3131
629 312 805 377 (457)

163 452 309 495 Forse
332 449 383 494 in
402 448 601 495 virtude
621 448 687 513 gli
707 450 810 495 eroi
830 449 917 512 pisl
938 449 1119 498 celebri

106 531 163 575 Ei
183 547 286 576 non
307 547 530 595 sorpassa
544 568 555 587 ‚
580 548 719 578 come
740 531 1032 596 l’ignivomo

100 611 181 657 Sol
201 628 296 657 con
317 629 403 658 sue
424 611 514 658 faci
536 612 661 658 belle

98 695 330 757 Sorpassa
350 693 379 738 l'
397 694 518 740 altre
538 693 701 740 stelle?

160 823 245 870 Ve'
266 822 342 869 ch'
364 840 420 869 or
440 840 529 888 per
548 823 620 869 lui
641 823 719 869 sul
738 840 878 871 carro
898 824 1054 871 celere
1075 824 1206 890 (357)

101 904 235 951 L'un
255 905 335 968 pie}
357 922 457 951 non
478 922 624 969 poso,
647 906 708 952 11⁶¹:
728 905 756 950 l’
768 906 895 953 altro
914 908 966 953 in
986 924 1097 954 aere

99 991 290 1050 Tengo3
313 1004 392 1032 ma
412 987 558 1033 stabil
578 1005 729 1052 segno

101 1071 292 1115 Mostro
313 1069 390 1115 col
409 1079 594 1133 pronto
615 1071 842 1134 ingegno.

166 1201 208 1244 O
228 1215 376 1263 segua
397 1200 449 1244 in
470 1215 644 1263 campo
664 1199 732 1263 gli
751 1199 890 1246 allori
912 1217 939 1246 a
957 1202 1184 1259 mietere‚

101 1283 143 1326 O
164 1280 216 1324 in
236 1296 355 1343 pace
375 1281 514 1342 regni
533 1296 591 1326 su
612 1281 737 1325 tanti
758 1280 952 1344 popofi,

99 1362 348 1408 Avrammi
368 1378 395 1407 a
415 1361 514 1408 lato
534 1378 728 1425 sempre

101 1448 254 1490 Senza
272 1444 470 1506 cangiar
489 1445 587 1489 mai
608 1454 814 1508 tempre.

166 1572 201 1619 1’
219 1573 296 1620 vo'
318 1573 407 1618 che
428 1574 480 1617 in
502 1583 630 1618 terra
650 1590 739 1636 per
758 1572 914 1637 gloria
933 1576 1100 1638 superi

100 1655 186 1701 De’
206 1656 385 1702 sommi
406 1656 509 1700 eroi
529 1654 576 1700 lo
590 1654 762 1700 'stuolo
783 1656 979 1701 esimio:

104 1737 197 1783 Chi
218 1754 320 1783 non
341 1737 430 1783 dee
451 1736 621 1782 creder
640 1737 825 1799 giusto‚

102 1819 204 1867 Che
226 1820 341 1865 tutti
363 1820 507 1865 vinca
525 1817 774 1882 Augusto?

164 1955 243 2000 Oh
264 1956 419 2001 amica
438 1956 587 2012 Diva,
608 1956 732 2001 Diva
752 1953 1024 2011 adorabile,

101 2039 123 2082 Ι
142 2038 266 2098 grati
287 2037 433 2082 intesi
456 2036 578 2082 detti
599 2037 926 2099 magnanimi,

102 2119 195 2164 Cui
216 2117 366 2164 saccio
388 2117 564 2181 plauso
585 2119 779 2163 intanto

102 2203 171 2246 Co
193 2200 436 2263 l’ispirato
456 2198 623 2245 canto!

166 2339 248 2381 Ma
268 2346 324 2381 tu
345 2334 464 2381 deh!
490 2335 524 2379 il
543 2334 732 2399 guardo
752 2335 828 2380 sul
848 2338 994 2393 Vane,
1017 2335 1215 2382 artefice

100 2417 193 2464 Del
213 2434 343 2463 novo
364 2421 537 2463 Carme
551 2453 562 2473 ‚
583 2416 716 2480 volgi
738 2418 962 2481 propizio
981 2435 990 2461 :

100 2501 247 2556 Diva,
271 2499 336 2563 gli
356 2499 490 2545 brilli
511 2500 716 2544 intorno

103 2580 284 2628 Almen
304 2597 477 2628 sereno
497 2598 565 2627 un
586 2579 785 2644 giorno!
